/home/dejun/papers/dejun.bib